<record><leader>00000cas a22000007a 4500</leader><controlfield tag="001">13053364</controlfield><controlfield tag="008">860123d1918192uinuwr ne      0    0eng d</controlfield><datafield ind1=" " ind2=" " tag="010"><subfield code="a">sn 86058212 </subfield></datafield><datafield ind1=" " ind2=" " tag="040"><subfield code="a">NPI</subfield><subfield code="b">eng</subfield><subfield code="c">NPI</subfield><subfield code="d">OCL</subfield><subfield code="d">OCLCQ</subfield><subfield code="d">OCLCF</subfield><subfield code="d">OCLCO</subfield></datafield><datafield ind1="1" ind2=" " tag="029"><subfield code="a">AU@</subfield><subfield code="b">000025801121</subfield></datafield><datafield ind1=" " ind2=" " tag="042"><subfield code="a">msc</subfield></datafield><datafield ind1=" " ind2=" " tag="043"><subfield code="a">n-us-in</subfield></datafield><datafield ind1="0" ind2="4" tag="245"><subfield code="a">The Richmond blade.</subfield></datafield><datafield ind1=" " ind2=" " tag="260"><subfield code="a">Richmond, Ind. :</subfield><subfield code="b">[Blade Pub. Co.]</subfield></datafield><datafield ind1=" " ind2=" " tag="300"><subfield code="a">v. :</subfield><subfield code="b">ill. ;</subfield><subfield code="c">61 cm.</subfield></datafield><datafield ind1=" " ind2=" " tag="310"><subfield code="a">Weekly</subfield></datafield><datafield ind1="1" ind2=" " tag="362"><subfield code="a">Began in 1918; ceased around 1922.</subfield><subfield code="z">Cf. Miller, John W. Indiana newspaper bibliog.</subfield></datafield><datafield ind1=" " ind2=" " tag="500"><subfield code="a">"Hew to the line; let the quips fall where they may."</subfield></datafield><datafield ind1=" " ind2=" " tag="500"><subfield code="a">Publisher from June 4, 1920 issue.</subfield></datafield><datafield ind1=" " ind2=" " tag="500"><subfield code="a">Black community paper which also supported the Republican party Cf. Miller.</subfield></datafield><datafield ind1=" " ind2=" " tag="588"><subfield code="a">Description based on: Vol. 3, no. 5 (May 28, 1920).</subfield></datafield><datafield ind1=" " ind2="0" tag="650"><subfield code="a">African Americans</subfield><subfield code="z">Indiana</subfield><subfield code="v">Newspapers.</subfield></datafield><datafield ind1=" " ind2="7" tag="655"><subfield code="a">Newspapers.</subfield><subfield code="2">fast</subfield><subfield code="0">(OCoLC)fst01423814</subfield></datafield><datafield ind1=" " ind2="7" tag="650"><subfield code="a">African Americans.</subfield><subfield code="2">fast</subfield><subfield code="0">(OCoLC)fst00799558</subfield></datafield><datafield ind1=" " ind2="7" tag="651"><subfield code="a">Indiana.</subfield><subfield code="2">fast</subfield><subfield code="0">(OCoLC)fst01204604</subfield></datafield><datafield ind1=" " ind2=" " tag="752"><subfield code="a">United States</subfield><subfield code="b">Indiana</subfield><subfield code="c">Wayne</subfield><subfield code="d">Richmond.</subfield></datafield></record>